@article{mori2019balancing,
  title={Balancing the trade-off between accuracy and interpretability in software defect prediction},
  author={Mori, Toshiki and Uchihira, Naoshi},
  journal={Empirical Software Engineering},
  volume={24},
  number={2},
  pages={779--825},
  year={2019},
  publisher={Springer}
}
@article{Ribeiro2016,
archivePrefix = {arXiv},
arxivId = {1602.04938},
author = {Ribeiro, Marco Tulio and Singh, Sameer and Guestrin, Carlos},
doi = {10.18653/v1/N16-3020},
eprint = {1602.04938},
file = {:home/yrahul/.local/share/data/Mendeley Ltd./Mendeley Desktop/Downloaded/Ribeiro, Singh, Guestrin - 2016 - Why Should I Trust You Explaining the Predictions of Any Classifier.pdf:pdf},
isbn = {9781450321389},
issn = {9781450321389},
pmid = {214160309},
title = {{"Why Should I Trust You?": Explaining the Predictions of Any Classifier}},
year = {2016}
}
@article{malhotra2015systematic,
  title={A systematic review of machine learning techniques for software fault prediction},
  author={Malhotra, Ruchika},
  journal={Applied Soft Computing},
  volume={27},
  pages={504--518},
  year={2015},
  publisher={Elsevier}
}
@article{jelihovschi2014scottknott,
  title={ScottKnott: a package for performing the Scott-Knott clustering algorithm in R},
  author={Jelihovschi, Enio G and Faria, Jos{\'e} Cl{\'a}udio and Allaman, Ivan Bezerra},
  journal={TEMA (S{\~a}o Carlos)},
  volume={15},
  number={1},
  pages={3--17},
  year={2014},
  publisher={SciELO Brasil}
}
@article{lipton2016mythos,
  title={The mythos of model interpretability},
  author={Lipton, Zachary C},
  journal={arXiv preprint arXiv:1606.03490},
  year={2016}
}
@article{freund1997decision,
  title={A decision-theoretic generalization of on-line learning and an application to boosting},
  author={Freund, Yoav and Schapire, Robert E},
  journal={Journal of computer and system sciences},
  volume={55},
  number={1},
  pages={119--139},
  year={1997},
  publisher={Elsevier}
}
@article{shepperd2013data,
  title={Data quality: Some comments on the nasa software defect datasets},
  author={Shepperd, Martin and Song, Qinbao and Sun, Zhongbin and Mair, Carolyn},
  journal={IEEE Transactions on Software Engineering},
  volume={39},
  number={9},
  pages={1208--1215},
  year={2013},
  publisher={IEEE}
}
@article{kamei2012large,
  title={A large-scale empirical study of just-in-time quality assurance},
  author={Kamei, Yasutaka and Shihab, Emad and Adams, Bram and Hassan, Ahmed E and Mockus, Audris and Sinha, Anand and Ubayashi, Naoyasu},
  journal={IEEE Transactions on Software Engineering},
  volume={39},
  number={6},
  pages={757--773},
  year={2012},
  publisher={IEEE}
}
